<?xml version="1.0" encoding="UTF-8"?><collection xmlns="http://www.loc.gov/MARC21/slim"><record><leader>00488nam--2200157-i-4500</leader><controlfield tag="001">000004377</controlfield><controlfield tag="002">20161230</controlfield><controlfield tag="005">20170220182121</controlfield><controlfield tag="008">060222s1000------------r-----000-0-eng-d</controlfield><datafield ind1=" " ind2=" " tag="100"><subfield code="a">Brown, Gordon S</subfield></datafield><datafield ind1=" " ind2=" " tag="245"><subfield code="a">Principles of servomechanisms. Dynamics and synthesis of closed-loop control sistems</subfield></datafield><datafield ind1=" " ind2=" " tag="260"><subfield code="a">New York</subfield><subfield code="b">J.Willey</subfield><subfield code="c">1950</subfield></datafield><datafield ind1=" " ind2=" " tag="300"><subfield code="a">XIII + 400 p</subfield></datafield><datafield ind1=" " ind2=" " tag="490"><subfield code="a">(3-d Printing Corrected, 8-th Printing - 1958)</subfield></datafield><datafield ind1=" " ind2=" " tag="700"><subfield code="a">Campbell, Donald P</subfield></datafield><datafield ind1=" " ind2=" " tag="CAT"><subfield code="a">SYS</subfield><subfield code="c">20170220</subfield><subfield code="h">182121</subfield></datafield></record></collection>